<?xml version="1.0" encoding="UTF-8"?><collection xmlns="http://www.loc.gov/MARC21/slim"><record><leader>00434nam--2200145-i-4500</leader><controlfield tag="001">000011786</controlfield><controlfield tag="002">20161230</controlfield><controlfield tag="005">20170210015158</controlfield><controlfield tag="008">060222s1000------------r-----000-0-eng-d</controlfield><datafield ind1=" " ind2=" " tag="245"><subfield code="a">Diagnosis and treatment of incorporated radionuclides. Proceedings</subfield></datafield><datafield ind1=" " ind2=" " tag="260"><subfield code="a">Vienna</subfield><subfield code="b">International Atomic Energy Agency</subfield><subfield code="c">1976</subfield></datafield><datafield ind1=" " ind2=" " tag="300"><subfield code="a">638 p</subfield></datafield><datafield ind1=" " ind2=" " tag="490"><subfield code="a">Proceedings Series</subfield></datafield><datafield ind1=" " ind2=" " tag="852"><subfield code="a">616-07:621.039.85/(061.3)</subfield></datafield><datafield ind1=" " ind2=" " tag="CAT"><subfield code="a">SYS</subfield><subfield code="c">20170210</subfield><subfield code="h">015158</subfield></datafield></record></collection>